<record><leader>00000cas a2200000 a 4500</leader><controlfield tag="001">9710978</controlfield><controlfield tag="008">830718d17931847nhuwr ne      0    0eng c</controlfield><datafield ind1=" " ind2=" " tag="010"><subfield code="a">sn 83025588 </subfield></datafield><datafield ind1=" " ind2=" " tag="040"><subfield code="a">NPV</subfield><subfield code="b">eng</subfield><subfield code="c">NPV</subfield><subfield code="d">NPX</subfield><subfield code="d">DLC</subfield><subfield code="d">YOX</subfield><subfield code="d">NJW</subfield><subfield code="d">KNP</subfield><subfield code="d">NVH</subfield><subfield code="d">YOX</subfield><subfield code="d">NVH</subfield><subfield code="d">KNP</subfield><subfield code="d">MGN</subfield><subfield code="d">HUL</subfield><subfield code="d">FUG</subfield><subfield code="d">NVK</subfield><subfield code="d">HLS</subfield><subfield code="d">OBN</subfield><subfield code="d">TGN</subfield><subfield code="d">CVF</subfield><subfield code="d">OCL</subfield><subfield code="d">NYS</subfield><subfield code="d">DLC</subfield><subfield code="d">KRTAS</subfield><subfield code="d">OCLCQ</subfield><subfield code="d">OCLCF</subfield><subfield code="d">OCLCO</subfield><subfield code="d">CUS</subfield></datafield><datafield ind1=" " ind2=" " tag="042"><subfield code="a">pcc</subfield></datafield><datafield ind1=" " ind2=" " tag="043"><subfield code="a">n-us-nh</subfield></datafield><datafield ind1=" " ind2=" " tag="045"><subfield code="a">v9w4</subfield></datafield><datafield ind1="0" ind2="0" tag="050"><subfield code="a">Newspaper 8757</subfield></datafield><datafield ind1="1" ind2="4" tag="050"><subfield code="a">AN</subfield></datafield><datafield ind1=" " ind2=" " tag="052"><subfield code="a">3743</subfield><subfield code="b">R9</subfield></datafield><datafield ind1="0" ind2=" " tag="130"><subfield code="a">New Hampshire gazette (Portsmouth, N.H. : 1793)</subfield></datafield><datafield ind1="1" ind2="4" tag="245"><subfield code="a">The New Hampshire gazette.</subfield></datafield><datafield ind1=" " ind2=" " tag="260"><subfield code="a">Portsmouth [N.H.] :</subfield><subfield code="b">J. Melcher,</subfield><subfield code="c">1793-1847.</subfield></datafield><datafield ind1=" " ind2=" " tag="300"><subfield code="a">v. ;</subfield><subfield code="c">52 cm.</subfield></datafield><datafield ind1=" " ind2=" " tag="310"><subfield code="a">Weekly</subfield></datafield><datafield ind1="0" ind2=" " tag="362"><subfield code="a">Vol. 35, no. 1892 (Apr. 16, 1793)-v. 93, no. 1 (Jan. 5, 1847).</subfield></datafield><datafield ind1="4" ind2=" " tag="510"><subfield code="a">Brigham, C.S. Amer. newspapers</subfield><subfield code="c">p. 471</subfield></datafield><datafield ind1=" " ind2=" " tag="530"><subfield code="a">Available on microfilm and microopaque from Readex Microprint Corp., and the Library of Congress, Photoduplication Service.</subfield></datafield><datafield ind1=" " ind2=" " tag="580"><subfield code="a">Semiweekly ed.: New Hampshire gazette semi-weekly, 1841.</subfield></datafield><datafield ind1=" " ind2=" " tag="580"><subfield code="a">Merged with: Republican union, to form: New Hampshire gazette and Republican union.</subfield></datafield><datafield ind1=" " ind2="0" tag="651"><subfield code="a">Portsmouth (N.H.)</subfield><subfield code="v">Newspapers.</subfield></datafield><datafield ind1=" " ind2="0" tag="651"><subfield code="a">Rockingham County (N.H.)</subfield><subfield code="v">Newspapers.</subfield></datafield><datafield ind1=" " ind2="7" tag="651"><subfield code="a">New Hampshire</subfield><subfield code="z">Portsmouth.</subfield><subfield code="2">fast</subfield><subfield code="0">(OCoLC)fst01207640</subfield></datafield><datafield ind1=" " ind2="7" tag="651"><subfield code="a">New Hampshire</subfield><subfield code="z">Rockingham County.</subfield><subfield code="2">fast</subfield><subfield code="0">(OCoLC)fst01211980</subfield></datafield><datafield ind1=" " ind2="7" tag="655"><subfield code="a">Newspapers.</subfield><subfield code="2">fast</subfield><subfield code="0">(OCoLC)fst01423814</subfield></datafield><datafield ind1=" " ind2=" " tag="752"><subfield code="a">United States</subfield><subfield code="b">New Hampshire</subfield><subfield code="c">Rockingham</subfield><subfield code="d">Portsmouth.</subfield></datafield><datafield ind1="1" ind2=" " tag="775"><subfield code="t">New Hampshire gazette semi-weekly</subfield><subfield code="w">(DLC)sn 91063070</subfield><subfield code="w">(OCoLC)23881891</subfield></datafield><datafield ind1="0" ind2="0" tag="780"><subfield code="t">New-Hampshire gazette and general advertiser (Portsmouth, N.H. : 1787)</subfield><subfield code="w">(DLC)sn 83025587</subfield><subfield code="w">(OCoLC)9698164</subfield></datafield><datafield ind1="0" ind2="5" tag="780"><subfield code="t">War journal</subfield><subfield code="w">(DLC)sn 84023382</subfield><subfield code="w">(OCoLC)10853123</subfield></datafield><datafield ind1="1" ind2="7" tag="785"><subfield code="t">Republican union</subfield><subfield code="w">(DLC)sn 84023192</subfield><subfield code="w">(OCoLC)10807160</subfield></datafield><datafield ind1="1" ind2="7" tag="785"><subfield code="t">New Hampshire gazette and Republican union</subfield><subfield code="w">(DLC)sn 84023141</subfield><subfield code="w">(OCoLC)10769915</subfield></datafield><datafield ind1="4" ind2="1" tag="856"><subfield code="3">01/05/1836 to 10/29/1844</subfield><subfield code="u">http://infoweb.newsbank.com/?db=EANX&amp;s_browseRef=decades/103709D225B248A8/all.xml</subfield></datafield><datafield ind1=" " ind2=" " tag="850"><subfield code="a">MH</subfield></datafield><datafield ind1=" " ind2=" " tag="938"><subfield code="a">Kirtas Technologies, Inc.</subfield><subfield code="b">KRTS</subfield><subfield code="n">737104</subfield></datafield><datafield ind1="1" ind2=" " tag="029"><subfield code="a">AU@</subfield><subfield code="b">000002887116</subfield></datafield></record>